@online{ftp_rfc,
    author = "J. Postel, J. Reynolds",
    title = "FILE TRANSFER PROTOCOL (FTP)",
    url  = "https://tools.ietf.org/html/rfc959",
    addendum = "(accessed: 22.12.2020)",
    keywords = "rfc, ftp"
}

@online{cisco_config,
    author = "Cisco Systems Inc.",
    title = "Cisco 3900 Series, 2900 Series, and 1900 Series Integrated Services Routers Generation 2 Software Configuration Guide",
    url  = "https://www.cisco.com/c/en/us/td/docs/routers/access/1900/software/configuration/guide/Software_Configuration.html",
    addendum = "(accessed: 22.12.2020)",
    keywords = "cisco,router,switch"
}

@online{cisco_nat,
    author = "Cisco Systems Inc.",
    title = "Configuring Network Address Translation: Getting Started",
    url  = "https://www.cisco.com/c/en/us/support/docs/ip/network-address-translation-nat/13772-12.html",
    addendum = "(accessed: 22.12.2020)",
    keywords = "cisco,router,nat"
}
